<record><leader>00000cas a2200000 a 4500</leader><controlfield tag="001">905668580</controlfield><controlfield tag="006">m     o  d        </controlfield><controlfield tag="007">cr |||||||||||</controlfield><controlfield tag="008">150326d19331961wauwr neo     0   a0eng c</controlfield><datafield ind1=" " ind2=" " tag="010"><subfield code="a">  2015252257</subfield></datafield><datafield ind1=" " ind2=" " tag="040"><subfield code="a">WAU</subfield><subfield code="b">eng</subfield><subfield code="c">WAU</subfield><subfield code="d">OCLCA</subfield><subfield code="d">OCLCQ</subfield><subfield code="d">OCLCO</subfield></datafield><datafield ind1=" " ind2=" " tag="042"><subfield code="a">pcc</subfield></datafield><datafield ind1=" " ind2=" " tag="043"><subfield code="a">n-us-wa</subfield></datafield><datafield ind1="0" ind2="4" tag="245"><subfield code="a">The Bothell citizen.</subfield></datafield><datafield ind1=" " ind2=" " tag="260"><subfield code="a">Bothell, King County, Washington :</subfield><subfield code="b">A.P. Burrows</subfield></datafield><datafield ind1=" " ind2=" " tag="310"><subfield code="a">Weekly</subfield></datafield><datafield ind1=" " ind2=" " tag="336"><subfield code="a">text</subfield><subfield code="b">txt</subfield><subfield code="2">rdacontent</subfield></datafield><datafield ind1=" " ind2=" " tag="337"><subfield code="a">computer</subfield><subfield code="b">c</subfield><subfield code="2">rdamedia</subfield></datafield><datafield ind1=" " ind2=" " tag="338"><subfield code="a">online resource</subfield><subfield code="b">cr</subfield><subfield code="2">rdacarrier</subfield></datafield><datafield ind1="1" ind2=" " tag="362"><subfield code="a">Began with May 10, 1933 issue?; ceased with v. 50, no. 36 (June 22, 1961).</subfield></datafield><datafield ind1=" " ind2=" " tag="500"><subfield code="a">Publisher varies.</subfield></datafield><datafield ind1=" " ind2=" " tag="588"><subfield code="a">Description based on: Vol. 1, no. 2 (May 17, 1933); title from masthead (Bothell Historical Society, viewed Mar. 26, 2015).</subfield></datafield><datafield ind1=" " ind2=" " tag="588"><subfield code="a">Latest issue consulted: Volume 45, no. 10 (Dec. 29, 1955) (Woodinville Heritage Society, viewed Mar. 26, 2015).</subfield></datafield><datafield ind1=" " ind2="0" tag="651"><subfield code="a">Bothell (Wash.)</subfield><subfield code="v">Newspapers.</subfield></datafield><datafield ind1=" " ind2="0" tag="651"><subfield code="a">Kenmore (Wash.)</subfield><subfield code="v">Newspapers.</subfield></datafield><datafield ind1=" " ind2="0" tag="651"><subfield code="a">Woodinville (Wash.)</subfield><subfield code="v">Newspapers.</subfield></datafield><datafield ind1=" " ind2="7" tag="651"><subfield code="a">Washington (State)</subfield><subfield code="z">Bothell.</subfield><subfield code="2">fast</subfield><subfield code="0">(OCoLC)fst01224271</subfield></datafield><datafield ind1=" " ind2="7" tag="651"><subfield code="a">Washington (State)</subfield><subfield code="z">Kenmore.</subfield><subfield code="2">fast</subfield><subfield code="0">(OCoLC)fst01292413</subfield></datafield><datafield ind1=" " ind2="7" tag="651"><subfield code="a">Washington (State)</subfield><subfield code="z">Woodinville.</subfield><subfield code="2">fast</subfield><subfield code="0">(OCoLC)fst01295387</subfield></datafield><datafield ind1=" " ind2="7" tag="655"><subfield code="a">Newspapers.</subfield><subfield code="2">fast</subfield><subfield code="0">(OCoLC)fst01423814</subfield></datafield><datafield ind1=" " ind2="7" tag="655"><subfield code="a">Newspapers.</subfield><subfield code="2">lcgft</subfield></datafield><datafield ind1=" " ind2="7" tag="655"><subfield code="a">Community newspapers.</subfield><subfield code="2">ngl</subfield></datafield><datafield ind1=" " ind2=" " tag="752"><subfield code="a">United States</subfield><subfield code="b">Washington</subfield><subfield code="c">King</subfield><subfield code="d">Bothell.</subfield></datafield><datafield ind1="0" ind2="8" tag="776"><subfield code="i">Print version:</subfield><subfield code="t">Bothell citizen</subfield><subfield code="w">(DLC)sn 87093269</subfield><subfield code="w">(OCoLC)17216219</subfield></datafield><datafield ind1="0" ind2="8" tag="776"><subfield code="i">Microfilm:</subfield><subfield code="t">Bothell citizen</subfield><subfield code="w">(DLC)  2004252733</subfield><subfield code="w">(OCoLC)42342963</subfield></datafield><datafield ind1="0" ind2="0" tag="785"><subfield code="a">Northshore citizen</subfield></datafield><datafield ind1="4" ind2="0" tag="856"><subfield code="u">http://bhm.stparchive.com/</subfield></datafield><datafield ind1="4" ind2="0" tag="856"><subfield code="u">http://whs.stparchive.com/</subfield></datafield></record>